% Encoding: ISO-8859-1

@Electronic{canevas,
  author =    {Luc Boug{\'e}},
  title =     {Canevas pour la r{\'e}daction du rapport XTRA},
  year =      {2016},
  url =       {https://drive.google.com/folderview?id=0B1rHsh34RbYGX1FHd29hUWxUdEU&usp=sharing},
  owner =     {bouge},
  timestamp = {2016.02.12}
}

@inproceedings{tudoran:hal-00978153,
  TITLE = {Bridging Data in the Clouds: An Environment-Aware System for Geographically Distributed Data Transfers},
  AUTHOR = {Tudoran, Radu and Costan, Alexandru and Wang, Rui and Boug{\'e}, Luc and Antoniu, Gabriel},
  URL = {https://hal.inria.fr/hal-00978153},
  BOOKTITLE = {14th IEEE/ACM International Symposium on Cluster, Cloud and Grid Computing},
  ADDRESS = {Chicago, United States},
  YEAR = {2014},
  MONTH = May,
  HAL_ID = {hal-00978153},
  HAL_VERSION = {v1},
}

